@STRING{academicpress={Academic Press} }
@STRING{AcadPressAddressLong  = {Boston, New York, Orlando, San Diego, Sydney, Tokyo, London}}
@STRING{acadpressaddress={New York, et al.} }


@STRING{acl	= "Association for Computational Linguistics" }
@STRING{aix	= {Aix-en-Provence} }
@STRING{amherst	= {Amherst, MA} }
@STRING{amsterdam={Amsterdam} }
%@STRING{amsterdamphiladelphia={Amsterdam/""Philadelphia} }
@STRING{amsterdamphiladelphia={Amsterdam} }
@STRING{athens	= {Athens} }
@STRING{barcelona={Barcelona} }
@STRING{bbs={The Behavioral and Brain Sciences} }
@STRING{benjamins={John Benjamins Publishing Co.} }
@STRING{berlin	= {Berlin} }
%@STRING{berlinnewyork={Berlin/""New York, NY} }
@STRING{berlinnewyork={Berlin} }
%@STRING{londonnewyork={London and New York, NY} }
@STRING{londonnewyork={London} }
%@STRING{berlinheidelbergnewyork={Berlin/""Heidelberg/""New York, NY} }
@STRING{berlinheidelbergnewyork={Berlin} }
@STRING{bgdsl	= "Beitr{\"a}ge zur Geschichte der deutschen Sprache und Literatur" }
@STRING{bls	= "{Berkeley Linguistic Society}" }
@STRING{cls	= "Chicago Linguistic Society" }
@STRING{boston	= {Boston, MA} }

@STRING{lncs	= "Lecture Notes in Computer Science" }

% Verlage:
@STRING{buske    = {Helmut Buske Verlag} }
@STRING{blackwell= {Blackwell Publishing Ltd} }
@STRING{cambridgeuk={Cambridge, UK} }
@STRING{cambridgeusa={Cambridge, MA} }
@STRING{camup	= {Cambridge University Press} }
@STRING{cup	= {Cambridge University Press} }
%@STRING{chicago	= {Chicago, IL} }
@STRING{chicago	= {Chicago} }
%@STRING{chicagolondon={Chicago, IL/""London} }
@STRING{chicagolondon={Chicago} }

@STRING{chiup	= {Chicago University Press} }
@STRING{ucp	= {The University of Chicago Press} }
@STRING{cl	= "Computational Linguistics" }
@STRING{cogsciedinburgh={Centre for Cognitive Science, University of Edinburgh} }

@STRING{columbusoh={Columbus, OH} }
@STRING{csli	= "Center for the Study of Language and Information" }
@STRING{cslip	= "CSLI Publications" }
@STRING{daf	= "Deutsch als Fremdsprache" }

@STRING{dordrecht={Dordrecht} }

%@STRING{dordrechtbostonlondon={Dordrecht/""Boston/""London} }
@STRING{dordrechtbostonlondon={Dordrecht} }

%@STRING{dordrechtcinnaminson ={Dordrecht, Netherlands/""Cinnaminson, U.S.A.}}
@STRING{dordrechtcinnaminson ={Dordrecht}}

%@STRING{dordrechtprovidence ={Dordrecht, Netherlands/""Providence, U.S.A.}}
@STRING{dordrechtprovidence ={Dordrecht}}
%@STRING{dordrechtriverton    ={Dordrecht, Netherlands/""Riverton, U.S.A.}}
@STRING{dordrechtriverton    ={Dordrecht}}


%@STRING{dordrechtheidelbergnewyorklondon={Dordrecht/""Heidelberg/""New York, NY/""London} }
@STRING{dordrechtheidelbergnewyorklondon={Dordrecht} }

@STRING{drlav	= "Documentation et Recherche en Linguistique Allemande Contemporaine. Revue de Linguistique" }
@STRING{ds	= "Deutsche Sprache" }
@STRING{dublin	= {Dublin} }
@STRING{duesseldorf={D\"usseldorf} }
@STRING{dup={d\"usseldorf university press} }
@STRING{edinburgh={Edinburgh} }
@STRING{edinburghamsterdam={Edinburgh and Amsterdam} }
@string{Elsevier = {Elsevier}}
@STRING{englewoodcliffs={Englewood Cliffs, NJ} }
@STRING{erlbaum={Lawrence Erlbaum Associates, Publishers} }
@STRING{foris	= {Foris Publications} }
@STRING{frankfurt={Frankfurt~a.\,M.} }
@STRING{gagl	= "Groninger Arbeiten zur Germanistischen Linguistik" }
@STRING{goettingen={G\"ottingen} }
@STRING{groningen={Groningen} }
@STRING{hague	= {The Hague} }
@STRING{hamburg	= {Hamburg} }
@STRING{heidelberg={Heidelberg} }
@STRING{holtrinehartwinston={Holt, Rinehart and Winston, Inc.} }
@STRING{ijal	= "International Journal of American Linguistics" }
@STRING{jcgl	= "Journal of Comparative Germanic Linguistics" }
@STRING{jgl	= "Journal of Germanic Linguistics" }
@STRING{jl	= "Journal of Linguistics" }
@STRING{jlm	= "Journal of Language Modelling" }
@STRING{jp	= "Journal of Philosophy" }
@STRING{karlsruhe={Karlsruhe} }
@STRING{kbgl	= "Kopenhagener Beitr{\"a}ge zur germanistischen Linguistik" }
@STRING{kluwer	= {Kluwer Academic Publishers} }
@STRING{koeln	= {K\"oln} }
@STRING{kyoto	= {Kyoto} }
@STRING{la	= "Linguistische Arbeiten" }
@STRING{lb	= "Linguistische Berichte" }
@string{Lilt    = "Linguistic Issues in Language Technology"}
@STRING{leipzig	= {Leipzig} }
@STRING{leuven	= {Leuven} }
@STRING{LFAB	= {Language Faculty and Beyond}}

@STRING{li      = "Linguistic Inquiry" }
@STRING{lnai	= "Lecture Notes in Artificial Intelligence" }
@STRING{london	= {London} }
@STRING{lp	= "Linguistics and Philosophy" }
@STRING{madrid	= {Madrid} }
@STRING{manchester={Manchester} }
@STRING{mannheim= {Mannheim} }
@STRING{marseille={Marseille} }
@STRING{mitpress= {MIT Press} }
@STRING{mitwpl	= "MIT Working Papers in Linguistics" }
@STRING{mouton	= {Mouton} }
@STRING{zs	= {Zeitschrift f{\"u}r Sprachwissenschaft} }

% Mouton was based in The Hague
@STRING{moutondegruyter={Mouton de Gruyter} }
@STRING{degruyter={de Gruyter} }
@STRING{lsp={Language Science Press} }
@STRING{muenster= {M\"unster} }
@STRING{nantes	= {Nantes} }
@STRING{narr	= {Gunter Narr Verlag} }
@STRING{metzler	= {Verlag J.\,B.\ Metzler} }
@STRING{narrstauffenburg	= {\original Gunter Narr Verlag \jetzt Stauffenburg Verlag}}
@STRING{stauffenburg	= {Stauffenburg Verlag}}
@STRING{schwann	= {P\"adagogischer Verlag Schwann}}
@STRING{newyork	= {New York, NY} }
@STRING{niemeyer= {Max Niemeyer Verlag} }
@STRING{nllt	= "Natural Language and Linguistic Theory" }
@STRING{opladen	= {Opladen} }
@STRING{osuwpl	= "{OSU Working Papers in Linguistics}" }
@STRING{oup	= {Oxford University Press} }
@STRING{oxford	= {Oxford} }
@STRING{passau	= {Passau} }
@STRING{philadelphia={Philadelphia, PA} }

% The mother company based in Berlin/New York
@STRING{prenticehall={Prentice-Hall} }
@STRING{pzl	= "Papiere zur Linguistik" }
@STRING{reidel	= {Reidel} }
@STRING{routledge={Routledge} }
@STRING{wiley   = {John Wiley \& Sons, Inc.} }

% New York
@STRING{saarbruecken={Saarbr\"ucken} }
@STRING{sandiego= {San Diego, CA} }
@STRING{sanfrancisco={San Francisco, CA} }
@STRING{santacruz={Santa Cruz, CA} }
@STRING{sgg	= "Studies in Generative Grammar" }
@STRING{sil	= "Studies in Language" }
@STRING{sla	= "Stanford Linguistics Association" }
@STRING{springer= {Springer Verlag} }
@STRING{stanford= {Stanford, CA} }
@STRING{stuf = {Sprachtypologie und Universalienforschung}}
@STRING{stuttgart={Stuttgart} }
@STRING{sydney	= {Syndey} }
@STRING{tlr={The Linguistic Review} }
@STRING{tuebingen={T\"u\-bing\-en} }
@STRING{umass	= {University of Massachusetts} }
@STRING{unik	= {Universit\"at K\"oln} }
@STRING{unis	= {Universit\"at Stuttgart} }
@STRING{unisb	= {Universit\"at des Saarlandes} }
@STRING{lalt	= {Linguistik Aktuell/""Linguistics Today}}
@STRING{eotms	= {Empirically Oriented Theoretical Morphology and Syntax}}


% Schools:
@STRING{unitue	= {Universit\"at T\"ubingen} }
@STRING{utrecht	= {Utrecht} }

% Mouton is now part of Walter de Gruyter (Berlin/New York)
@STRING{walterdegruyter={Walter de Gruyter} }
@STRING{waltham	= {Waltham, MA} }
@STRING{wccfl	= "West Coast Conference on Formal Linguistics" }
@STRING{westdeutscher={Westdeutscher Verlag} }
@STRING{wuppertal={Wuppertal} }
@STRING{ww	= "Wirkendes Wort" }
@STRING{zas	= "Zentrum f{\"u}r Allgemeine Sprachwissenschaft, Typologie und
		  Universalienforschung" }
@STRING{zgl	= "Zeitschrift f{\"u}r Germanistische Linguistik" }
@STRING{zpsk	= "Zeitschrift f{\"u}r Phonetik, Sprachwissenschaft und Kommunikationsforschung" }
@STRING{zsw	= "Zeitschrift f{\"u}r Sprachwissenschaft" }


@PREAMBLE{ "\providecommand{\noopsort}[1]{} \providecommand*{\donothing}[1]{}
	   \providecommand*{\printsecond}[2]{#2}" }

@Book{		  Chomsky2001b-u,
  address	= {Cambridge, MA},
  author	= {Noam Chomsky},
  booktitle	= {Beyond Explanatory Adequacy},
  publisher	= {MIT Press},
  title		= {Beyond Explanatory Adequacy},
  year		= {2001}
}

@Article{	  Bruening2018a,
  author	= {Benjamin Bruening},
  doi		= {10.1353/lan.2018.0000},
  journal	= {Language},
  number	= {1},
  pages		= {1--42},
  title		= {The Lexicalist Hypothesis: {Both} Wrong and Superfluous},
  volume	= {94},
  year		= {2018}
}

@InCollection{	  MuellerLexikon,
  address	= {Berlin},
  author	= {Stefan Müller},
  booktitle	= {{Wortschätze: Dynamik, Muster, Komplexität: Jahrbuch des
		  Instituts für deutsche Sprache}},
  editor	= {Stefan Engelberg and Henning Lobin and Kathrin Steyer and
		  Sascha Wolfer},
  langid	= {german},
  publisher	= {Mouton de Gruyter},
  title		= {{Das Lexikon: Wer, wie, was, wieso, weshalb, warum?}},
  year		= {2017}
}

@InCollection{	  MuellerDefaults,
  author	= {Stefan Müller},
  booktitle	= {From Semantics to Dialectometry: {Festschrift} in Honor of
		  {John Nerbonne}},
  editor	= {Martijn Wieling and Martin Kroon and Gertjan van Noord and
		  Gosse Bouma},
  number	= {32},
  pages		= {253--262},
  publisher	= {College Publications},
  series	= {Tributes},
  title		= {Default Inheritance and Derivational Morphology},
  year		= {2017}
}

@PhDThesis{	  Christie2015a-u,
  author	= {Elizabeth Christie},
  booktitle	= {The {English} Resultative},
  school	= {Carleton University Ottawa, Ontario},
  title		= {The {English} Resultative},
  year		= {2015}
}

@Article{	  HMW2016a-u,
  address	= {Cambridge, UK},
  author	= {Livnat Herzig Sheinfux and Nurit Melnik and Shuly
		  Wintner},
  doi		= {10.1017/S0022226716000189},
  journal	= {Journal of Linguistics},
  pages		= {1--50},
  publisher	= {Cambridge University Press},
  title		= {Representing Argument Structure},
  year		= {2016}
}

@InCollection{	  BC2005a,
  author	= {Benjamin K. Bergen and Nancy Chang},
  crossref	= {OF2005a-ed},
  pages		= {147--190},
  title		= {{Embodied Construction Grammar} in Simulation-Based
		  Language Understanding}
}

@Book{		  Bresnan2001a,
  address	= {Oxford, UK/Cambridge, USA},
  author	= {Joan Bresnan},
  publisher	= {Blackwell},
  title		= {{Lexical-Functional Syntax}},
  year		= {2001}
}

@Article{	  MuellerFCG,
  author	= {Stefan Müller},
  doi		= {10.1075/cf.9.1.05mul},
  journal	= {Constructions and Frames},
  number	= {1},
  pages		= {139--174},
  title		= {{Head-Driven Phrase Structure Grammar}, {Sign-Based
		  Construction Grammar}, and {Fluid Construction Grammar}:
		  {Commonalities} and Differences},
  volume	= {9},
  year		= {2017}
}

@Book{		  BATW2015a,
  address	= {Oxford, UK/Cambridge, USA},
  author	= {Joan Bresnan and Ash Asudeh and Ida Toivonen and Stephen
		  Mark Wechsler},
  booktitle	= {Lexical-Functional Syntax},
  doi		= {10.1002/9781119105664},
  edition	= {2},
  isbn		= {9781119105664},
  publisher	= {Blackwell Publishing Ltd},
  title		= {Lexical-Functional Syntax},
  year		= {2015}
}

@Article{	  LKD73a,
  author	= {D. Terence Langendoen and Nancy Kalish-Landon and John
		  Dore},
  journal	= {Cognition},
  number	= {2},
  pages		= {451--478},
  title		= {Dative Questions: {A} Study in the Relation of
		  Acceptability to Grammaticality of an {English} Sentence
		  Type},
  volume	= {4},
  year		= {1973}
}

@Article{	  Hudson92a-u,
  author	= {Richard Hudson},
  issn		= {00978507, 15350665},
  journal	= {Language},
  number	= {2},
  pages		= {251--276},
  title		= {So-Called `Double Objects' and Grammatical Relations},
  volume	= {68},
  year		= {1992}
}

@InProceedings{	  Toivonen2013a,
  author	= {Ida Toivonen},
  crossref	= {BK2013a-ed},
  pages		= {503--523},
  title		= {English Benefactive {NPs}}
}

@InProceedings{	  Kibort2008a,
  author	= {Anna Kibort},
  crossref	= {BK2008a-ed},
  pages		= {312--332},
  title		= {On the Syntax of Ditransitive Constructions}
}

@Article{	  Tungseth2007a-u,
  author	= {Tungseth, Mai},
  doi		= {10.1017/S033258650700176X},
  issn		= {1502-4717},
  issue		= {02},
  journal	= {Nordic Journal of Linguistics},
  month		= {12},
  number	= {2},
  numpages	= {20},
  pages		= {209--228},
  title		= {Interactions of Particles, Adjectival Resultatives and
		  Benefactive Double Object Constructions in {Norwegian}},
  volume	= {30},
  year		= {2007}
}

@Article{	  Roberts88a-u,
  author	= {Roberts, Ian},
  journal	= {Rivista di Grammatica Generativa},
  pages		= {111--137},
  publisher	= {Unipress},
  title		= {Thematic Minimality},
  volume	= {13},
  year		= {1988}
}

@InProceedings{	  Alsina96a,
  author	= {Alex Alsina},
  crossref	= {BK96a-ed},
  title		= {Resultatives: {A} Joint Operation of Semantic and
		  Syntactic Structures}
}

@Article{	  ADT2013a,
  author	= {Ash Asudeh and Mary Dalrymple and Ida Toivonen},
  journal	= {Journal of Language Modelling},
  number	= {1},
  pages		= {1--54},
  title		= {Constructions with Lexical Integrity},
  volume	= {1},
  year		= {2013}
}

@InProceedings{	  ADT2008a,
  author	= {Ash Asudeh and Mary Dalrymple and Ida Toivonen},
  crossref	= {BK2008a-ed},
  title		= {Constructions with Lexical Integrity: {Templates} as the
		  Lexicon-Syntax Interface}
}

@Book{		  MuellerGT-Eng1,
  address	= {Berlin},
  author	= {Stefan Müller},
  booktitle	= {Grammatical Theory: {From} {Transformational Grammar} to
		  Constraint"=Based Approaches},
  doi		= {10.17169/langsci.b25.167},
  langid	= {english},
  number	= {1},
  publisher	= {Language Science Press},
  series	= {Textbooks in Language Sciences},
  title		= {Grammatical Theory: {From} {Transformational Grammar} to
		  Constraint-Based Approaches},
  year		= {2016}
}

@InProceedings{	  DKK2001a-u,
  author	= {Mary Dalrymple and Ronald M. Kaplan and Tracy Holloway
		  King},
  crossref	= {BK2001a-ed},
  pages		= {66--82},
  title		= {Weak Crossover and the Absence of Traces}
}

@InProceedings{	  AGT2014a,
  author	= {Ash Asudeh and Gianluca Giorgolo and Ida Toivonen},
  crossref	= {BK2014a-ed},
  pages		= {68--88},
  title		= {Meaning and Valency}
}

@Book{		  Adger2003a,
  address	= {Oxford},
  author	= {Adger, David},
  booktitle	= {Core Syntax: {A Minimalist} Approach},
  number	= {1},
  publisher	= {Oxford University Press Oxford},
  series	= {Oxford Core Linguistics},
  title		= {Core Syntax: {A Minimalist} Approach},
  year		= {2003}
}

@Article{	  Cappelle2006a,
  author	= {Bert Cappelle},
  journal	= {Constructions online},
  number	= {7},
  pages		= {1--28},
  title		= {Particle Placement and the Case for ``Allostructions''},
  volume	= {1},
  year		= {2006}
}

@Misc{		  MuellerGermanic,
  address	= {Berlin},
  author	= {Stefan Müller},
  booktitle	= {Germanic Syntax},
  howpublished	= {Ms. Humboldt Universität zu Berlin, to be submitted to
		  Language Science Press},
  publisher	= {Language Science Press},
  series	= {Textbooks in Language Sciences},
  title		= {Germanic Syntax},
  url		= {https://hpsg.hu-berlin.de/~stefan/Pub/germanic.html},
  urldate	= {2018-03-20},
  year		= {2018}
}

@Article{	  MWArgSt,
  author	= {Stefan Müller and Stephen Mark Wechsler},
  doi		= {10.1515/tl-2014-0001},
  journal	= {Theoretical Linguistics},
  number	= {1--2},
  pages		= {1--76},
  title		= {Lexical Approaches to Argument Structure},
  volume	= {40},
  year		= {2014}
}

@InCollection{	  vanTrijp2011a,
  author	= {van Trijp, Remi},
  crossref	= {SteelsFluid-ed},
  pages		= {115--145},
  title		= {A Design Pattern for Argument Structure Constructions}
}

@InCollection{	  SBK2012a,
  author	= {Ivan A. Sag and Hans C. Boas and Paul Kay},
  crossref	= {BS2012a-ed},
  pages		= {1--29},
  title		= {Introducing {Sign-Based Construction Grammar}}
}

@Article{	  AT2014a,
  author	= {Ash Asudeh and Ida Toivonen},
  journal	= {Theoretical Linguistics},
  number	= {1--2},
  pages		= {175--186},
  title		= {\emph{With} Lexical Integrity},
  volume	= {40},
  year		= {2014}
}

@InCollection{	  MuellerSatztypen,
  author	= {Stefan Müller},
  crossref	= {FM2016a-ed},
  hyphenation	= {german},
  pages		= {72--105},
  title		= {{Satztypen: Lexikalisch oder/und phrasal}}
}

@Article{	  MWArgStReply,
  author	= {Stefan Müller and Stephen Mark Wechsler},
  journal	= {Theoretical Linguistics},
  number	= {1--2},
  pages		= {187--224},
  title		= {Two Sides of the Same Slim {Boojum}: {Further} Arguments
		  for a Lexical Approach to Argument Structure},
  volume	= {40},
  year		= {2014}
}

@Book{		  FM2016a-ed,
  address	= {Berlin, Boston},
  booktitle	= {{Satztypen und Konstruktionen im Deutschen}},
  editor	= {Rita Fink\-bei\-ner and Jörg Meibauer},
  langid	= {german},
  number	= {65},
  publisher	= {de Gruyter},
  series	= {Linguistik -- Impulse und Tendenzen},
  title		= {{Satztypen und Konstruktionen im Deutschen}},
  year		= {2016}
}

@InCollection{	  MW2014a,
  address	= {Oxford},
  author	= {Stefan Müller and Stephen Mark Wechsler},
  crossref	= {Wechsler2015a},
  pages		= {228--279},
  series	= {Oxford Surveys in Syntax and Morphology},
  title		= {The Lexical-Constructional Debate}
}

@InProceedings{	  MOe2013b,
  author	= {Stefan Müller and Bjarne Ørsnes},
  crossref	= {FG2012-13},
  pages		= {69--89},
  title		= {Towards an {HPSG} Analysis of Object Shift in {Danish}}
}

@Article{	  MuellerCoreGram,
  author	= {Stefan Müller},
  doi		= {10.15398/jlm.v3i1.91},
  journal	= {Journal of Language Modelling},
  number	= {1},
  pages		= {21--86},
  title		= {The {CoreGram} Project: {Theoretical} Linguistics, Theory
		  Development and Verification},
  volume	= {3},
  year		= {2015}
}

@Book{		  MuellerGTBuch1,
  address	= {Tübingen},
  author	= {Stefan Müller},
  number	= {20},
  publisher	= {Stauffenburg Verlag},
  series	= {Stauffenburg Einführungen},
  title		= {{Grammatiktheorie}},
  year		= {2010}
}

@Book{		  MuellerLehrbuch3,
  address	= {Tübingen},
  author	= {Stefan Müller},
  edition	= {3},
  number	= {17},
  publisher	= {Stauffenburg Verlag},
  series	= {Stauffenburg Einführungen},
  title		= {{Head-Driven Phrase Structure Grammar: Eine Einführung}},
  year		= {2013}
}

@Article{	  Goldberg2013b,
  author	= {Adele E. Goldberg},
  journal	= {Mind and Language},
  number	= {4},
  pages		= {479--491},
  title		= {Explanation and {Constructions}: {Response} to {Adger}},
  volume	= {28},
  year		= {2013}
}

@InCollection{	  Berman96a-u,
  author	= {Judith Berman},
  crossref	= {BF96a-u},
  pages		= {11--96},
  title		= {{Eine LFG-Grammatik des Deutschen}}
}

@InCollection{	  BvN98,
  author	= {Gosse Bouma and van Noord, Gertjan},
  crossref	= {HKN98a-ed},
  pages		= {43--72},
  title		= {Word Order Constraints on Verb Clusters in {German} and
		  {Dutch}},
  url		= {http://www.let.rug.nl/~vannoord/papers/},
  urldate	= {2018-02-25}
}

@InCollection{	  Bresnan82a,
  author	= {Joan Bresnan},
  crossref	= {Bresnan82a-ed},
  pages		= {3--86},
  title		= {The Passive in Lexical Theory}
}

@InCollection{	  Chomsky73a,
  author	= {Noam Chomsky},
  crossref	= {AK73a-ed},
  pages		= {232--286},
  title		= {Conditions on Transformations}
}

@InProceedings{	  Christie2010a,
  author	= {Elizabeth Christie},
  crossref	= {BK2010a-ed},
  pages		= {155--164},
  title		= {Using Templates to Account for {English} Resultatives}
}

@InCollection{	  Croft2003a,
  author	= {William Croft},
  crossref	= {CBDP2003a-ed},
  pages		= {49--68},
  title		= {Lexical Rules vs.\ Constructions: {A} False Dichotomy}
}

@InProceedings{	  DKK2004a,
  author	= {Mary Dalrymple and Ronald M. Kaplan and Tracy Holloway
		  King},
  crossref	= {BK2004a-ed},
  pages		= {199--208},
  title		= {Linguistic Generalizations over Descriptions}
}

@InCollection{	  Eisenberg94b,
  author	= {Peter Eisenberg},
  crossref	= {KvdA94a-ed},
  pages		= {349--387},
  title		= {{German}}
}

@InProceedings{	  FR2009a-u,
  author	= {Martin Forst and Christian Rohrer},
  crossref	= {BK2009a-ed},
  pages		= {297--316},
  title		= {Problems of {German} {VP} Coordination}
}

@InCollection{	  Haider90a,
  author	= {Hubert Haider},
  crossref	= {GS90a-ed},
  pages		= {93--112},
  title		= {Topicalization and other Puzzles of {German} Syntax}
}

@InCollection{	  Haugereid2007a,
  author	= {Petter Haugereid},
  crossref	= {Mueller2007a-ed},
  pages		= {120--129},
  title		= {Decomposed Phrasal Constructions}
}

@InCollection{	  HN94a,
  author	= {Erhard W. Hinrichs and Tsuneko Nakazawa},
  crossref	= {NNP94},
  pages		= {11--38},
  title		= {Linearizing {AUXs} in {German} Verbal Complexes}
}

@InCollection{	  KZ89a,
  author	= {Ronald M. Kaplan and Annie Zaenen},
  crossref	= {BK89a-ed},
  pages		= {17--42},
  title		= {Long-Distance Dependencies, Constituent Structure and
		  Functional Uncertainty}
}

@InCollection{	  Kasper94a,
  author	= {Robert T. Kasper},
  crossref	= {NNP94},
  pages		= {39--70},
  title		= {Adjuncts in the {Mittelfeld}}
}

@InCollection{	  KN93a,
  author	= {Hans-Ulrich Krieger and John Nerbonne},
  crossref	= {BCdP93a-ed},
  note		= {A version of this paper is available as DFKI Research
		  Report RR-91-31. Also published in: {Proceedings} of the
		  {ACQUILEX} Workshop on Default Inheritance in the Lexicon,
		  Technical Report No.~238, University of Cambridge, Computer
		  Laboratory, October 1991},
  pages		= {90--136},
  title		= {Feature-Based Inheritance Networks for Computational
		  Lexicons}
}

@InCollection{	  MuellerGrammix,
  author	= {Stefan Müller},
  crossref	= {geaf2007},
  title		= {The {Grammix CD Rom}: {A} Software Collection for
		  Developing Typed Feature Structure Grammars}
}

@InCollection{	  MuellerHPSGHandbook,
  address	= {Berlin},
  author	= {Stefan Müller},
  booktitle	= {Syntax -- {Theory} and Analysis: {An} International
		  Handbook},
  doi		= {10.1515/9783110363708-004},
  edition	= {2},
  editor	= {Tibor Kiss and Artemis Alexiadou},
  number	= {42.2},
  pages		= {937--973},
  publisher	= {Walter de Gruyter},
  series	= {Handbooks of Linguistics and Communication Science},
  title		= {{HPSG} -- {A} Synopsis},
  year		= {2015}
}

@InCollection{	  Meurers99a,
  author	= {Walt Detmar Meurers},
  crossref	= {WKK99a-ed},
  pages		= {129--144},
  title		= {German Partial-{VP} Fronting Revisited},
  year		= {1999}
}

@InProceedings{	  MPR2002a-u,
  author	= {Walt Detmar Meurers and Gerald Penn and Frank Richter},
  crossref	= {radev:brew:02},
  pages		= {18--25},
  title		= {A Web-Based Instructional Platform for Constraint"=Based
		  Grammar Formalisms and Parsing}
}

@InProceedings{	  Penn2004a-u,
  author	= {Penn, Gerald},
  crossref	= {acl2004},
  pages		= {239--246},
  title		= {Balancing Clarity and Efficiency in Typed Feature Logic
		  Through Delaying}
}

@InCollection{	  Prze99,
  author	= {Adam Przepiórkowski},
  crossref	= {WKK99a-ed},
  pages		= {231--245},
  title		= {On Case Assignment and ``Adjuncts as Complements''},
  year		= {1999}
}

@InCollection{	  Sag2012a,
  author	= {Ivan A. Sag},
  crossref	= {BS2012a-ed},
  pages		= {69--202},
  read		= {1},
  title		= {{Sign-Based Construction Grammar}: {An} Informal
		  Synopsis}
}

@InCollection{	  Simpson2005a,
  author	= {Jane Simpson},
  crossref	= {BHK2005a-ed},
  pages		= {149--161},
  title		= {Resultatives}
}

@InCollection{	  Simpson83a,
  author	= {Jane Simpson},
  crossref	= {LRZ83a-ed},
  note		= {\reprint \citew{Simpson2005a}},
  pages		= {143--157},
  title		= {Resultatives}
}

@InCollection{	  Wechsler97a,
  author	= {Stephen Mark Wechsler},
  crossref	= {BM97a-ed},
  pages		= {307--321},
  title		= {Resultative Predicates and Control}
}

@InProceedings{	  ZK2002a,
  author	= {Annie Zaenen and Ronald M. Kaplan},
  crossref	= {BK2002a-ed},
  title		= {Subsumption and Equality: {German} Partial Fronting in
		  {LFG}}
}

@Book{		  Bech55a,
  address	= {Tübingen},
  author	= {Gunnar Bech},
  note		= {\2nd\unchangedEdition 1983},
  number	= {139},
  publisher	= {Max Niemeyer Verlag},
  series	= {Linguistische Arbeiten},
  title		= {{Studien über das deutsche Verbum infinitum}},
  year		= {1955}
}

@Book{		  Berman2003a,
  address	= {Stanford, CA},
  author	= {Judith Berman},
  publisher	= {CSLI Publications},
  series	= {Studies in Constraint"=Based Lexicalism},
  title		= {Clausal Syntax of {German}},
  year		= {2003}
}

@Book{		  BF96a-u,
  address	= {Tübingen},
  author	= {Judith Berman and Anette Frank},
  booktitle	= {{Deutsche und französische Syntax im Formalismus der
		  LFG}},
  number	= {344},
  publisher	= {Max Niemeyer Verlag},
  series	= {Linguistische Arbeiten},
  title		= {{Deutsche und französische Syntax im Formalismus der
		  LFG}},
  year		= {1996}
}

@Article{	  Blevins2003a,
  author	= {James P. Blevins},
  journal	= {Journal of Linguistics},
  number	= {3},
  pages		= {473--520},
  title		= {Passives and Impersonals},
  volume	= {39},
  year		= {2003}
}

@Article{	  Bod2009a,
  author	= {Rens Bod},
  journal	= {Cognitive Science},
  number	= {4},
  pages		= {752--793},
  title		= {From Exemplar to Grammar: Integrating Analogy and
		  Probability in Language Learning},
  volume	= {33},
  year		= {2009}
}

@Article{	  BMS2001a,
  author	= {Gosse Bouma and Robert Malouf and Ivan A. Sag},
  journal	= {Natural Language and Linguistic Theory},
  number	= {1},
  pages		= {1--65},
  title		= {Satisfying Constraints on Extraction and Adjunction},
  volume	= {19},
  year		= {2001}
}

@InCollection{	  Bresnan78a,
  address	= {Cambridge, MA},
  author	= {Joan Bresnan},
  booktitle	= {Linguistic Theory and Psychological Reality},
  editor	= {Morris Halle and Joan Bresnan and George A. Miller},
  pages		= {1--59},
  publisher	= {MIT Press},
  title		= {A Realistic {Transformational Grammar}},
  year		= {1978}
}

@Article{	  BresnanK89a-u,
  author	= {Joan Bresnan and Jonni M. Kanerva},
  journal	= {Linguistic Inquiry},
  number	= {1},
  pages		= {1--50},
  title		= {Locative Inversion in {Chichewa}: {A} Case Study of
		  Factorization in Grammar},
  volume	= {20},
  year		= {1989}
}

@Article{	  BKPZ82a-u,
  author	= {Joan Bresnan and Ronald M. Kaplan and Stanley Peters and
		  Annie Zaenen},
  journal	= {Linguistic Inquiry},
  number	= {4},
  pages		= {613--635},
  title		= {Cross-Serial Dependencies in {Dutch}},
  volume	= {13},
  year		= {1982}
}

@InCollection{	  BZ90a,
  address	= {Stanford, CA},
  author	= {Joan Bresnan and Annie Zaenen},
  booktitle	= {Grammatical Relations: {A} Cross-Theoretical Perspective},
  editor	= {Katarzyna Dziwirek and Patrick Farrell and Errapel
		  Mej\'{\i}as-Bikandi},
  pages		= {45--57},
  publisher	= {CSLI Publications},
  title		= {Deep Unaccusativity in {LFG}},
  year		= {1990}
}

@Article{	  BC99a,
  authauthor	= {Ted Briscoe and Ann Copestake},
  author	= {Ted J. Briscoe and Ann Copestake},
  journal	= {Computational Linguistics},
  number	= {4},
  pages		= {487--526},
  title		= {Lexical Rules in Constraint"=Based Grammar},
  volume	= {25},
  year		= {1999}
}

@Article{	  CR92a,
  author	= {Jill Carrier and Janet H. Randall},
  journal	= {Linguistic Inquiry},
  number	= {2},
  pages		= {173--234},
  title		= {The Argument Structure and Syntactic Structure of
		  Resultatives},
  volume	= {23},
  year		= {1992}
}

@Book{		  Choi99a-u,
  address	= {Stanford, CA},
  author	= {Hye-Won Choi},
  publisher	= {CSLI Publications},
  series	= {Dissertations in Linguistics},
  title		= {Optimizing Structure in Scrambling: {Scrambling} and
		  Information Structure},
  year		= {1999}
}

@Book{		  Chomsky95a-u,
  address	= {Cambridge, MA/""London, England},
  author	= {Chomsky, Noam},
  number	= {28},
  publisher	= {MIT Press},
  series	= {Current Studies in Linguistics},
  title		= {The {Minimalist Program}},
  year		= {1995}
}

@Book{		  Chomsky81a,
  address	= {Dordrecht},
  author	= {Chomsky, Noam},
  langid	= {english},
  publisher	= {Foris Publications},
  title		= {Lectures on Government and Binding},
  year		= {1981}
}

@Book{		  Chomsky57a,
  address	= {The Hague/Paris},
  author	= {Chomsky, Noam},
  number	= {4},
  publisher	= {Mouton},
  series	= {Janua Linguarum / Series Minor},
  title		= {Syntactic Structures},
  year		= {1957}
}

@InCollection{	  Cook2006a-u,
  address	= {Amsterdam},
  author	= {Philippa Cook},
  booktitle	= {Datives and Similar Cases: Between Argument Structure and
		  Event Structure},
  editor	= {Daniel Hole and André Meinunger and Werner Abraham},
  pages		= {141--184},
  publisher	= {John Benjamins Publishing Co.},
  title		= {The Datives that aren't Born Equal: Beneficiaries and the
		  Dative Passive},
  year		= {2006}
}

@Article{	  CFPS2005a,
  authauthor	= {Copestake, Ann and Dan Flickinger and Carl J. Pollard and
		  Ivan A. Sag},
  author	= {Copestake, Ann and Daniel P. Flickinger and Carl J.
		  Pollard and Ivan A. Sag},
  journal	= {Research on Language and Computation},
  number	= {3},
  pages		= {281--332},
  title		= {{Minimal Recursion Semantics}: {An} Introduction},
  volume	= {4},
  year		= {2005}
}

@Book{		  Croft2001a,
  address	= {Oxford},
  announced	= {http://linguistlist.org/issues/12/12-2000.html},
  author	= {William Croft},
  publisher	= {Oxford University Press},
  title		= {{Radical Construction Grammar}: {Syntactic} Theory in
		  Typological Perspective},
  year		= {2001}
}

@Book{		  CJ2005a,
  address	= {Oxford},
  author	= {Peter W. Culicover and Jackendoff, Ray S.},
  publisher	= {Oxford University Press},
  title		= {{Simpler Syntax}},
  year		= {2005}
}

@Book{		  Dalrymple2001a-u,
  address	= {New York},
  author	= {Mary Dalrymple},
  number	= {34},
  publisher	= {Academic Press},
  series	= {Syntax and Semantics},
  title		= {{Lexical Functional Grammar}},
  year		= {2001}
}

@Article{	  DK2000b-u,
  author	= {Anthony R. Davis and Jean-Pierre Koenig},
  journal	= {Language},
  number	= {1},
  pages		= {56--91},
  title		= {Linking as Constraints on Word Classes in a Hierarchical
		  Lexicon},
  volume	= {76},
  year		= {2000}
}

@Article{	  Dowty78a,
  authauthor	= {David Dowty},
  author	= {David R. Dowty},
  journal	= {Linguistic Inquiry},
  number	= {3},
  pages		= {393--426},
  title		= {Governed Transformations as Lexical Rules in a {Montague
		  Grammar}},
  volume	= {9},
  year		= {1978}
}

@Article{	  FKoC88a,
  author	= {Charles J. Fillmore and Paul Kay and Mary Catherine
		  O'Connor},
  journal	= {Language},
  number	= {3},
  pages		= {501--538},
  title		= {Regularity and Idiomaticity in Grammatical Constructions:
		  {The} Case of \emph{let alone}},
  volume	= {64},
  year		= {1988}
}

@Article{	  FPAG2007a,
  author	= {Daniel Freudenthal and Julian M. Pine and Javier
		  Aguado-Orea and Fernand Gobet},
  journal	= {Cognitive Science},
  number	= {2},
  pages		= {311--341},
  title		= {Modeling the Developmental Patterning of Finiteness
		  Marking in {English}, {Dutch}, {German}, and {Spanish}
		  Using {MOSAIC}},
  volume	= {31},
  year		= {2007}
}

@Book{		  GKPS85a,
  address	= {Cambridge, MA},
  author	= {Gerald Gazdar and Ewan Klein and Geoffrey K. Pullum and
		  Ivan A. Sag},
  publisher	= {Harvard University Press},
  title		= {{Generalized Phrase Structure Grammar}},
  year		= {1985}
}

@Article{	  Goldberg2013a,
  author	= {Adele E. Goldberg},
  journal	= {Mind and Language},
  number	= {4},
  pages		= {435--465},
  title		= {Argument Structure {Constructions} vs.\ Lexical Rules or
		  Derivational Verb Templates},
  volume	= {28},
  year		= {2013}
}

@Book{		  Goldberg2006a,
  address	= {Oxford, New York},
  author	= {Adele E. Goldberg},
  publisher	= {Oxford University Press},
  series	= {Oxford Linguistics},
  title		= {Constructions at Work: {The} Nature of Generalization in
		  Language},
  year		= {2006}
}

@Article{	  Goldberg2004a,
  author	= {Adele E. Goldberg},
  journal	= {Cognition},
  pages		= {77--84},
  title		= {But do we need {Universal Grammar}? {Comment} on {Lidz} et
		  al.\ (2003)},
  volume	= {94},
  year		= {2004}
}

@Book{		  Goldberg95a,
  address	= {Chicago/""London},
  author	= {Adele E. Goldberg},
  publisher	= {The University of Chicago Press},
  series	= {Cognitive Theory of Language and Culture},
  title		= {Constructions: {A} {Construction Grammar} Approach to
		  Argument Structure},
  year		= {1995}
}

@Article{	  Goldberg91a,
  author	= {Adele E. Goldberg},
  journal	= {Linguistic Analysis},
  number	= {1--2},
  pages		= {66--96},
  title		= {A Semantic Account of Resultatives},
  volume	= {21},
  year		= {1991}
}

@Article{	  GJ2004a,
  author	= {Adele E. Goldberg and Ray S. Jackendoff},
  journal	= {Language},
  number	= {3},
  pages		= {532--568},
  title		= {The {English} Resultative as a Family of {Constructions}},
  volume	= {80},
  year		= {2004}
}

@InCollection{	  Haider2001a,
  address	= {Berlin},
  author	= {Hubert Haider},
  booktitle	= {{Sprachtypologie und sprachliche Universalien} --
		  {Language} Typology and Language Universals: {Ein
		  internationales Handbuch} -- {An} International Handbook},
  editor	= {Martin Haspelmath and Ekkehard König and Wulf
		  Oesterreicher and Wolfgang Raible},
  pages		= {283--294},
  publisher	= {Mouton de Gruyter},
  title		= {{Parametrisierung in der Generativen Grammatik}},
  year		= {2001}
}

@Article{	  Haider94c-u,
  author	= {Haider, Hubert},
  journal	= {Linguistische Berichte},
  pages		= {372--385},
  title		= {{(Un-)heimliche Subjekte: Anmerkungen zur Pro-drop Causa,
		  im Anschluß an die Lektüre von Osvaldo Jaeggli \& Kenneth
		  J. Safir, eds., The Null Subject Parameter}},
  volume	= {153},
  year		= {1994}
}

@Book{		  Haider93a,
  address	= {Tübingen},
  author	= {Hubert Haider},
  number	= {325},
  publisher	= {Gunter Narr Verlag},
  series	= {Tübinger Beiträge zur Linguistik},
  title		= {{Deutsche Syntax -- generativ: Vorstudien zur Theorie
		  einer projektiven Grammatik}},
  year		= {1993}
}

@PhDThesis{	  Haugereid2009a,
  author	= {Petter Haugereid},
  number	= {122},
  school	= {Norwegian University of Science and Technology,
		  Trondheim},
  series	= {Doctoral Theses at NTNU},
  title		= {Phrasal Subconstructions: {A} {Constructionalist} Grammar
		  Design, Exemplified with {Norwegian} and {English}},
  year		= {2009}
}

@Article{	  HCF2002a,
  author	= {Marc D. Hauser and Noam Chomsky and W. Tecumseh Fitch},
  doi		= {10.1126/science.298.5598.1569},
  journal	= {Science},
  pages		= {1569-1579},
  title		= {The Faculty of Language: {What} Is It, Who Has It, and How
		  Did It Evolve?},
  volume	= {298},
  year		= {2002}
}

@InCollection{	  HN89a,
  author	= {Erhard W. Hinrichs and Tsuneko Nakazawa},
  crossref	= {HN89a-ed},
  title		= {Subcategorization and {VP} Structure in {German}},
  year		= {1989}
}

@Book{		  HN89a-ed,
  address	= {T\"u\-bing\-en},
  author	= {Erhard W. Hinrichs and Tsuneko Nakazawa},
  booktitle	= {Aspects of {German} {VP} Structure},
  publisher	= {Eberhard-Karls-Uni\-ver\-si\-tät Tübingen},
  series	= {SfS-Report-01-93},
  title		= {Aspects of {German} {VP} Structure},
  year		= {1989}
}

@Article{	  Jackendoff2008a,
  author	= {Ray S. Jackendoff},
  journal	= {Language},
  number	= {1},
  pages		= {8--28},
  title		= {Construction after {Construction} and Its Theoretical
		  Challenges},
  volume	= {84},
  year		= {2008}
}

@Book{		  Jackendoff77a,
  address	= {Cambridge, MA/""London, England},
  author	= {Ray S. Jackendoff},
  booktitle	= {{$\overline{\mbox{X}}$} {Syntax}: {A} Study of Phrase
		  Structure},
  publisher	= {MIT Press},
  title		= {{$\overline{\mbox{X}}$} Syntax: {A} Study of Phrase
		  Structure},
  year		= {1977}
}

@Article{	  Johnson86a,
  author	= {Mark Johnson},
  journal	= {Linguistics},
  number	= {5},
  pages		= {871--882},
  title		= {A {GPSG} Account of {VP} Structure in {German}},
  volume	= {24},
  year		= {1986}
}

@Article{	  Kathol2001a,
  author	= {Andreas Kathol},
  journal	= {Journal of Linguistics},
  number	= {1},
  pages		= {35--66},
  title		= {Positional Effects in a Monostratal Grammar of {German}},
  volume	= {37},
  year		= {2001}
}

@TechReport{	  KW98a,
  address	= {Düsseldorf},
  author	= {Ingrid Kaufmann and Dieter Wunderlich},
  institution	= {Heinrich Heine Uni/BUGH},
  number	= {109},
  title		= {Cross-linguistic Patterns of Resultatives},
  type		= {SFB 282: Theorie des Lexikons},
  year		= {1998}
}

@InCollection{	  Kay2005a,
  address	= {Amsterdam},
  author	= {Paul Kay},
  booktitle	= {Grammatical Constructions: {Back} to the Roots},
  editor	= {Mirjam Fried and Hans C. Boas},
  number	= {4},
  pages		= {71--98},
  publisher	= {John Benjamins Publishing Co.},
  series	= {Constructional Approaches to Language},
  title		= {Argument Structure Constructions and the Argument-Adjunct
		  Distinction},
  year		= {2005}
}

@Article{	  KF99a,
  author	= {Paul Kay and Charles J. Fillmore},
  journal	= {Language},
  number	= {1},
  pages		= {1--33},
  title		= {Grammatical {Constructions} and Linguistic
		  Generalizations: {The} {What's X Doing Y? Construction}},
  volume	= {75},
  year		= {1999}
}

@Book{		  Kiss95a,
  address	= {Tübingen},
  author	= {Tibor Kiss},
  number	= {333},
  preis		= {118,- DM},
  publisher	= {Max Niemeyer Verlag},
  series	= {Linguistische Arbeiten},
  title		= {{Infinite Komplementation: Neue Studien zum deutschen
		  Verbum infinitum}},
  year		= {1995}
}

@Book{		  Koenig99a,
  address	= {Stanford, CA},
  author	= {Jean-Pierre Koenig},
  publisher	= {CSLI Publications},
  series	= {Stanford Monographs in Linguistics},
  title		= {Lexical Relations},
  year		= {1999}
}

@InProceedings{	  Mueller96b,
  author	= {Stefan Müller},
  booktitle	= {Natural Language Processing and Speech Technology:
		  {Results} of the {3rd KONVENSConference, Bielefeld, October
		  1996}},
  editor	= {Dafydd Gibbon},
  pages		= {223--236},
  publisher	= {Mouton de Gruyter},
  title		= {Complement Extraction Lexical Rules and Argument
		  Attraction},
  year		= {1996}
}

@InProceedings{	  Mueller2007d,
  address	= {Stanford, CA},
  author	= {Stefan Müller},
  booktitle	= {Proceedings of the {14th International Conference on
		  Head-Driven Phrase Structure Grammar}},
  editor	= {Stefan Müller},
  pages		= {373--393},
  publisher	= {CSLI Publications},
  title		= {Phrasal or Lexical {Constructions}: {Some} Comments on
		  Underspecification of Constituent Order, Compositionality,
		  and Control},
  year		= {2007}
}

@Article{	  MuellerUnifying,
  author	= {Stefan Müller},
  journal	= {Language},
  number	= {4},
  pages		= {920--950},
  title		= {Unifying Everything: {Some} Remarks on {Simpler Syntax},
		  {Construction Grammar}, {Minimalism} and {HPSG}},
  volume	= {89},
  year		= {2013}
}

@Article{	  MuellerPersian,
  author	= {Stefan Müller},
  doi		= {10.1017/S0022226709990284},
  journal	= {Journal of Linguistics},
  number	= {3},
  pages		= {601--655},
  title		= {Persian Complex Predicates and the Limits of
		  Inheritance"=Based Analyses},
  volume	= {46},
  year		= {2010}
}

@Book{		  MuellerLehrbuch1,
  address	= {Tübingen},
  author	= {Stefan Müller},
  edition	= {1},
  number	= {17},
  publisher	= {Stauffenburg Verlag},
  series	= {Stauffenburg Einführungen},
  title		= {{Head-Driven Phrase Structure Grammar: Eine Einführung}},
  year		= {2007}
}

@Article{	  Mueller2006d,
  author	= {Stefan Müller},
  doi		= {10.1353/lan.2006.0213},
  journal	= {Language},
  number	= {4},
  pages		= {850--883},
  title		= {Phrasal or Lexical {Constructions}?},
  volume	= {82},
  year		= {2006}
}

@Article{	  Mueller2003b,
  author	= {Stefan Müller},
  journal	= {Deutsche Sprache},
  number	= {1},
  pages		= {29--62},
  title		= {{Mehrfache Vorfeldbesetzung}},
  volume	= {31},
  year		= {2003}
}

@Book{		  Mueller2002b,
  address	= {Stanford, CA},
  author	= {Stefan Müller},
  booktitle	= {Complex Predicates: {Verbal} Complexes, Resultative
		  Constructions, and Particle Verbs in {German}},
  number	= {13},
  publisher	= {CSLI Publications},
  series	= {Studies in Constraint"=Based Lexicalism},
  title		= {Complex Predicates: {Verbal} Complexes, Resultative
		  Constructions, and Particle Verbs in {German}},
  year		= {2002}
}

@Book{		  Mueller99a,
  address	= {Tübingen},
  author	= {Stefan Müller},
  number	= {394},
  publisher	= {Max Niemeyer Verlag},
  series	= {Linguistische Arbeiten},
  title		= {{Deutsche Syntax deklarativ: {Head-Driven Phrase Structure
		  Grammar} für das Deutsche}},
  year		= {1999}
}

@Article{	  Meurers99b,
  address	= {Groningen},
  author	= {Walt Detmar Meurers},
  journal	= {Groninger Arbeiten zur Germanistischen Linguistik (GAGL)},
  pages		= {173--226},
  publisher	= {Rijksuniversiteit Groningen, German Department},
  title		= {Raising Spirits (and Assigning Them Case)},
  url		= {http://www.sfs.uni-tuebingen.de/~dm/papers/gagl99.html},
  urldate	= {2018-02-25},
  volume	= {43},
  year		= {1999}
}

@Article{	  Nerbonne86a,
  author	= {John Nerbonne},
  journal	= {Linguistics},
  number	= {5},
  pages		= {857--870},
  title		= {`{Phantoms}' and {German} Fronting: {Poltergeist}
		  Constituents?},
  volume	= {24},
  year		= {1986}
}

@InCollection{	  PM90a,
  address	= {Vancouver},
  author	= {Carl J. Pollard and Andrew M. Moshier},
  booktitle	= {Information, Language and Cognition},
  editor	= {Philip P. Hanson},
  number	= {1},
  pages		= {285--322},
  publisher	= {University of British Columbia Press},
  series	= {Vancouver Studies in Cognitive Science},
  title		= {Unifying Partial Descriptions of Sets},
  year		= {1990}
}

@Book{		  ps2,
  address	= {Chicago},
  author	= {Carl J. Pollard and Ivan A. Sag},
  publisher	= {The University of Chicago Press},
  series	= {Studies in Contemporary Linguistics},
  title		= {{Head-Driven Phrase Structure Grammar}},
  year		= {1994}
}

@Book{		  ps,
  address	= {Stanford, CA},
  author	= {Carl J. Pollard and Ivan A. Sag},
  number	= {13},
  publisher	= {CSLI Publications},
  series	= {CSLI Lecture Notes},
  title		= {Information-Based Syntax and Semantics},
  year		= {1987}
}

@InCollection{	  Rizzi97a-u,
  address	= {Dordrecht},
  author	= {Rizzi, Luigi},
  booktitle	= {Elements of Grammar},
  editor	= {Haegeman, Liliane},
  pages		= {281--337},
  publisher	= {Kluwer Academic Publishers},
  title		= {The Fine Structure of the Left Periphery},
  year		= {1997}
}

@Article{	  Sag2010b,
  author	= {Ivan A. Sag},
  journal	= {Language},
  number	= {3},
  pages		= {486--545},
  title		= {English Filler-Gap Constructions},
  volume	= {86},
  year		= {2010}
}

@Article{	  Sag97a,
  author	= {Ivan A. Sag},
  journal	= {Journal of Linguistics},
  number	= {2},
  pages		= {431--484},
  title		= {English Relative Clause Constructions},
  volume	= {33},
  year		= {1997}
}

@Book{		  Tomasello2003a,
  address	= {Cambridge, MA},
  author	= {Michael Tomasello},
  publisher	= {Harvard University Press},
  title		= {Constructing a Language: {A} Usage-Based Theory of
		  Language Acquisition},
  year		= {2003}
}

@Book{		  Uszkoreit87a,
  address	= {Stanford, CA},
  author	= {Hans Uszkoreit},
  number	= {8},
  publisher	= {CSLI Publications},
  series	= {CSLI Lecture Notes},
  title		= {Word Order and Constituent Structure in {German}},
  year		= {1987}
}

@PhDThesis{	  Verspoor97a,
  author	= {Cornelia Maria Verspoor},
  school	= {University of Edinburgh},
  title		= {Contextually-Dependent Lexical Semantics},
  year		= {1997}
}

@PhDThesis{	  Wechsler91a-u,
  author	= {Stephen Mark Wechsler},
  school	= {Stanford University},
  title		= {Argument Structure and Linking},
  year		= {1991}
}

@Article{	  WN2001a,
  author	= {Stephen Mark Wechsler and Bokyung Noh},
  journal	= {Language Sciences},
  number	= {4},
  pages		= {391--423},
  title		= {On Resultative Predicates and Clauses: Parallels between
		  {Korean} and {English}},
  volume	= {23},
  year		= {2001}
}

@Article{	  Wunderlich97c,
  author	= {Dieter Wunderlich},
  journal	= {Journal of Semantics},
  number	= {2},
  pages		= {95--142},
  title		= {Argument Extension by Lexical Adjunction},
  volume	= {14},
  year		= {1997}
}

@TechReport{	  Wunderlich92a-u-kopiert,
  address	= {Düsseldorf/Wuppertal},
  author	= {Wunderlich, Dieter},
  institution	= {Heinrich Heine Uni/BUGH},
  number	= {\Nr 36},
  title		= {{CAUSE} and the Structure of Verbs},
  type		= {Arbeiten des SFB 282},
  year		= {1992}
}

@Article{	  YMJ87,
  author	= {Moira Yip and Joan Maling and Ray S. Jackendoff},
  doi		= {10.2307/415655},
  journal	= {Language},
  number	= {2},
  pages		= {217--250},
  title		= {Case in Tiers},
  volume	= {63},
  year		= {1987}
}

@Book{		  Dalrymple99a-ed,
  address	= {Cambridge, MA},
  booktitle	= {Semantics and Syntax in {Lexical Functional Grammar}:
		  {The} {Resource Logic} Approach},
  editor	= {Mary Dalrymple},
  publisher	= {MIT Press},
  title		= {Semantics and Syntax in {Lexical Functional Grammar}:
		  {The} {Resource Logic} Approach},
  year		= {1999}
}

@Proceedings{	  radev:brew:02,
  booktitle	= {Effective Tools and Methodologies for Teaching {NLP} and
		  {CL}},
  editor	= {Dragomir Radev and Chris Brew},
  longnote	= {Proceedings of the Workshop held at {40th Annual Meeting
		  of the Association for Computational Linguistics. 7.--12.
		  July 2002. Philadelphia, PA}},
  note		= {Proceedings of the Workshop held at 40th Annual Meeting of
		  the Association for Computational Linguistics.
		  Philadelphia, PA},
  publisher	= {Association for Computational Linguistics},
  title		= {Effective Tools and Methodologies for Teaching {NLP} and
		  {CL}},
  year		= {2002}
}

@Book{		  OF2005a-ed,
  address	= {Amsterdam},
  booktitle	= {{Construction Grammars}: {Cognitive} Grounding and
		  Theoretical Extensions},
  editor	= {Jan-Ola Östman and Mirjam Fried},
  publisher	= {John Benjamins Publishing Co.},
  title		= {{Construction Grammars}: {Cognitive} Grounding and
		  Theoretical Extensions},
  year		= {2005}
}

@Book{		  AK73a-ed,
  address	= {New York},
  booktitle	= {A Festschrift for {Morris Halle}},
  editor	= {Stephen R. Anderson and Paul Kiparsky},
  publisher	= {Holt, Rinehart \& Winston},
  title		= {A Festschrift for {Morris Halle}},
  year		= {1973}
}

@Book{		  BK89a-ed,
  address	= {Chicago/London},
  booktitle	= {Alternative Conceptions of Phrase Structure},
  editor	= {Mark R. Baltin and Anthony S. Kroch},
  publisher	= {The University of Chicago Press},
  title		= {Alternative Conceptions of Phrase Structure},
  year		= {1989}
}

@Proceedings{	  BM97a-ed,
  address	= {Austin, Texas},
  booktitle	= {{Texas Linguistic Forum} 38: {The} Syntax and Semantics of
		  Predication: {Proceedings of the 1997 Texas Linguistics
		  Society Conference}},
  editor	= {Ralph C. Blight and Michelle J. Moosally},
  publisher	= {University of Texas, Department of Linguistics},
  title		= {Texas Linguistic Forum 38: {The} Syntax and Semantics of
		  Predication: {Proceedings of the 1997 Texas Linguistics
		  Society Conference}},
  year		= {1997}
}

@Book{		  BS2012a-ed,
  address	= {Stanford, CA},
  booktitle	= {{Sign-based Construction Grammar}},
  editor	= {Hans C. Boas and Ivan A. Sag},
  number	= {193},
  publisher	= {CSLI Publications},
  series	= {CSLI Lecture Notes},
  title		= {{Sign-based Construction Grammar}},
  year		= {2012}
}

@Book{		  Bresnan82a-ed,
  address	= {Cambridge, MA/""London},
  booktitle	= {The Mental Representation of Grammatical Relations},
  editor	= {Joan Bresnan},
  publisher	= {MIT Press},
  series	= {MIT Press Series on Cognitive Theory and Mental
		  Representation},
  title		= {The Mental Representation of Grammatical Relations},
  year		= {1982}
}

@Book{		  BCdP93a-ed,
  address	= {Cambridge, UK},
  booktitle	= {Inheritance, Defaults, and the Lexicon},
  editor	= {Ted Briscoe and Ann Copestake and Valeria de Paiva},
  publisher	= {Cambridge University Press},
  title		= {Inheritance, Defaults, and the Lexicon},
  year		= {1993}
}

@Proceedings{	  BK2010a-ed,
  address	= {Stanford, CA},
  booktitle	= {Proceedings of the {LFG 2010} Conference},
  editor	= {Miriam Butt and Tracy Holloway King},
  publisher	= {CSLI Publications},
  title		= {Proceedings of the {LFG 2010} Conference},
  url		= {http://csli-publications.stanford.edu/LFG/15/},
  urldate	= {2018-03-20},
  year		= {2010}
}

@Proceedings{	  BK2009a-ed,
  address	= {Stanford, CA},
  booktitle	= {Proceedings of the {LFG 2009} Conference},
  editor	= {Miriam Butt and Tracy Holloway King},
  publisher	= {CSLI Publications},
  title		= {Proceedings of the {LFG 2009} Conference},
  url		= {http://csli-publications.stanford.edu/LFG/14/},
  urldate	= {2018-02-25},
  year		= {2009}
}

@Proceedings{	  BK2008a-ed,
  address	= {Stanford, CA},
  booktitle	= {Proceedings of the {LFG 2008} Conference},
  editor	= {Miriam Butt and Tracy Holloway King},
  publisher	= {CSLI Publications},
  title		= {Proceedings of the {LFG 2008} Conference},
  url		= {http://csli-publications.stanford.edu/LFG/13/},
  urldate	= {2018-02-25},
  year		= {2008}
}

@Book{		  BHK2005a-ed,
  address	= {Stanford, CA},
  booktitle	= {Lexical Semantics in {LFG}},
  checkseries	= {Studies in Constraint"=Based Lexicalism},
  editor	= {Miriam Butt and Tracy Holloway King},
  publisher	= {CSLI Publications},
  title		= {Lexical Semantics in {LFG}},
  year		= {2005}
}

@Proceedings{	  BK2004a-ed,
  address	= {Stanford, CA},
  booktitle	= {Proceedings of the {LFG 2004} Conference},
  editor	= {Miriam Butt and Tracy Holloway King},
  publisher	= {CSLI Publications},
  title		= {Proceedings of the {LFG 2004} Conference},
  url		= {http://csli-publications.stanford.edu/LFG/9/},
  urldate	= {2018-02-25},
  year		= {2004}
}

@Proceedings{	  BK2002a-ed,
  address	= {Stanford, CA},
  booktitle	= {Proceedings of the {LFG 2002} Conference},
  editor	= {Miriam Butt and Tracy Holloway King},
  publisher	= {CSLI Publications},
  title		= {Proceedings of the {LFG 2002} Conference},
  url		= {http://csli-publications.stanford.edu/LFG/7/},
  urldate	= {2018-02-25},
  year		= {2002}
}

@Proceedings{	  BK2001a-ed,
  address	= {Stanford, CA},
  booktitle	= {Proceedings of the {LFG 2001} Conference},
  editor	= {Miriam Butt and Tracy Holloway King},
  publisher	= {CSLI Publications},
  title		= {Proceedings of the {LFG 2001} Conference},
  url		= {http://csli-publications.stanford.edu/LFG/6/},
  urldate	= {2018-02-25},
  year		= {2001}
}

@Proceedings{	  BK96a-ed,
  address	= {Stanford, CA},
  booktitle	= {Proceedings of the {LFG '96} Conference, {Rank Xerox,
		  Grenoble}},
  editor	= {Miriam Butt and Tracy Holloway King},
  publisher	= {CSLI Publications},
  title		= {Proceedings of the {LFG '96} Conference, {Rank Xerox,
		  Grenoble}},
  url		= {http://csli-publications.stanford.edu/LFG/1/},
  urldate	= {2018-02-25},
  year		= {1996}
}

@Book{		  CBDP2003a-ed,
  address	= {Amsterdam},
  booktitle	= {Motivation in Language: {Studies} in Honour of {Günter
		  Radden}},
  editor	= {Hubert Cuyckens and Thomas Berg and René Dirven and
		  Klaus-Uwe Panther},
  publisher	= {John Benjamins Publishing Co.},
  title		= {Motivation in Language: {Studies} in honour of {Günter
		  Radden}},
  year		= {2003}
}

@Book{		  GS90a-ed,
  address	= {Amsterdam},
  booktitle	= {{Scrambling and Barriers}},
  editor	= {Günther Grewendorf and Wolfgang Sternefeld},
  number	= {5},
  publisher	= {John Benjamins Publishing Co.},
  series	= {Linguistik Aktuell/""Linguistics Today},
  title		= {Scrambling and Barriers},
  year		= {1990}
}

@Book{		  HKN98a-ed,
  address	= {San Diego},
  booktitle	= {Complex Predicates in Nonderivational Syntax},
  editor	= {Erhard W. Hinrichs and Andreas Kathol and Tsuneko
		  Nakazawa},
  number	= {30},
  publisher	= {Academic Press},
  series	= {Syntax and Semantics},
  title		= {Complex Predicates in Nonderivational Syntax},
  year		= {1998}
}

@Proceedings{	  geaf2007,
  address	= {Stanford, CA},
  booktitle	= {{Grammar Engineering across Frameworks 2007}},
  editor	= {Tracy Holloway King and Emily M. Bender},
  publisher	= {CSLI Publications},
  series	= {Studies in Computational Linguistics ONLINE},
  title		= {{Grammar Engineering across Frameworks 2007}},
  url		= {http://csli-publications.stanford.edu/GEAF/2007/},
  urldate	= {2018-02-25},
  year		= {2007}
}

@Book{		  KvdA94a-ed,
  address	= {London},
  booktitle	= {The {Germanic} Languages},
  editor	= {Ekkehard König and Johan van der Auwera},
  publisher	= {Routledge},
  series	= {Routledge Language Family Descriptions},
  title		= {The {Germanic} Languages},
  year		= {1994}
}

@Book{		  LRZ83a-ed,
  address	= {Indiana},
  autheditor	= {Lori S. Levin and Malka {Rappaport Hovav} and Annie
		  Zaenen},
  booktitle	= {Papers in {Lexical Functional Grammar}},
  editor	= {Lori S. Levin and Malka Rappaport and Annie Zaenen},
  publisher	= {Indiana University Linguistics Club},
  title		= {Papers in {Lexical Functional Grammar}},
  year		= {1983}
}

@Proceedings{	  Mueller2007a-ed,
  address	= {Stanford, CA},
  booktitle	= {Proceedings of the {14th International Conference on
		  Head-Driven Phrase Structure Grammar}},
  editor	= {Stefan Müller},
  publisher	= {CSLI Publications},
  title		= {Proceedings of the {14th International Conference on
		  Head-Driven Phrase Structure Grammar}},
  url		= {http://csli-publications.stanford.edu/HPSG/2007/},
  urldate	= {2018-02-25},
  year		= {2007}
}

@Book{		  NNP94,
  address	= {Stanford, CA},
  booktitle	= {German in {Head-Driven Phrase Structure Grammar}},
  editor	= {John Nerbonne and Klaus Netter and Carl J. Pollard},
  number	= {46},
  publisher	= {CSLI Publications},
  series	= {CSLI Lecture Notes},
  title		= {German in {Head-Driven Phrase Structure Grammar}},
  year		= {1994}
}

@Book{		  SteelsFluid-ed,
  address	= {Amsterdam},
  booktitle	= {Design Patterns in {Fluid Construction Grammar}},
  editor	= {Steels, Luc},
  number	= {11},
  publisher	= {John Benjamins Publishing Co.},
  series	= {Constructional Approaches to Language},
  title		= {Design Patterns in {Fluid Construction Grammar}},
  year		= {2011}
}

@Book{		  WKK99a-ed,
  address	= {Stanford, CA},
  booktitle	= {Lexical and {Constructional} Aspects of Linguistic
		  Explanation},
  editor	= {Gert Webelhuth and Jean-Pierre Koenig and Andreas Kathol},
  number	= {1},
  publisher	= {CSLI Publications},
  series	= {Studies in Constraint"=Based Lexicalism},
  title		= {Lexical and {Constructional} Aspects of Linguistic
		  Explanation},
  year		= {1999}
}

@Proceedings{	  BK2014a-ed,
  address	= {Stanford, CA},
  booktitle	= {Proceedings of the {LFG 2014} Conference},
  editor	= {Miriam Butt and Tracy Holloway King},
  publisher	= {CSLI Publications},
  title		= {Proceedings of the {LFG 2014} Conference},
  year		= {2014}
}

@Proceedings{	  BK2013a-ed,
  address	= {Stanford, CA},
  booktitle	= {Proceedings of the {LFG 2013} Conference},
  editor	= {Miriam Butt and Tracy Holloway King},
  publisher	= {CSLI Publications},
  title		= {Proceedings of the {LFG 2013} Conference},
  year		= {2013}
}

@Book{		  FG2012-13,
  address	= {Berlin},
  booktitle	= {{Formal Grammar: 17th and 18th International Conferences,
		  FG 2012, Opole, Poland, August 2012}, Revised Selected
		  Papers, {FG 2013, Düsseldorf, Germany, August} 2013:
		  {Proceedings}},
  editor	= {Glyn Morrill and Mark-Jan Nederhof},
  number	= {8036},
  publisher	= {Springer Verlag},
  series	= {Lecture Notes in Computer Science},
  title		= {{Formal Grammar: 17th and 18th International Conferences,
		  FG 2012, Opole, Poland, August 2012}, Revised Selected
		  Papers, {FG 2013}, {Düsseldorf}, {Germany}, {August} 2013:
		  {Proceedings}},
  year		= {2013}
}

@Book{		  Wechsler2015a,
  address	= {Oxford},
  author	= {Stephen Mark Wechsler},
  booktitle	= {Word Meaning and Syntax: {Approaches} to the Interface},
  number	= {9},
  publisher	= {Oxford University Press},
  series	= {Oxford Surveys in Syntax and Morphology},
  title		= {Word Meaning and Syntax: {Approaches} to the Interface},
  year		= {2015}
}

@Proceedings{	  acl2004,
  address	= {Barcelona, Spain},
  booktitle	= {Proceedings of the {42nd Meeting of the Association for
		  Computational Linguistics (ACL}'04), Main Volume},
  editor	= {Donia Scott},
  title		= {Proceedings of the {42nd Meeting of the Association for
		  Computational Linguistics (ACL'04)}, Main Volume},
  year		= {2004}
}
